<record><leader>00000cas a22000007a 4500</leader><controlfield tag="001">27165025</controlfield><controlfield tag="008">921223d19uu191unmuwr ne      0    0eng d</controlfield><datafield ind1=" " ind2=" " tag="010"><subfield code="a">sn 92070495 </subfield></datafield><datafield ind1=" " ind2=" " tag="040"><subfield code="a">NVM</subfield><subfield code="b">eng</subfield><subfield code="c">NVM</subfield><subfield code="d">OCLCQ</subfield><subfield code="d">IUL</subfield></datafield><datafield ind1=" " ind2=" " tag="042"><subfield code="a">msc</subfield></datafield><datafield ind1=" " ind2=" " tag="043"><subfield code="a">n-us-nm</subfield></datafield><datafield ind1="0" ind2=" " tag="130"><subfield code="a">Eagle (Santa Fe, N.M.)</subfield></datafield><datafield ind1="1" ind2="4" tag="245"><subfield code="a">The eagle.</subfield></datafield><datafield ind1="1" ind2="3" tag="246"><subfield code="a">Santa Fe eagle</subfield></datafield><datafield ind1=" " ind2=" " tag="260"><subfield code="a">Santa Fe, N.M. :</subfield><subfield code="b">A.J. Loomis</subfield></datafield><datafield ind1=" " ind2=" " tag="300"><subfield code="a">v.</subfield></datafield><datafield ind1=" " ind2=" " tag="310"><subfield code="a">Weekly</subfield></datafield><datafield ind1="1" ind2=" " tag="362"><subfield code="a">Began with Aug. 24, 1900? Ceased with Oct. 27, 1917?</subfield><subfield code="z">Cf. Grove, Pearce S. /New Mexico newspapers.</subfield></datafield><datafield ind1=" " ind2=" " tag="530"><subfield code="a">Also on microfilm: El Paso, Tex. : Southwest Micropublishing, Inc.</subfield></datafield><datafield ind1=" " ind2=" " tag="588"><subfield code="a">Description based on: Vol. 6, no. 47 (July 14, 1906).</subfield></datafield><datafield ind1=" " ind2="4" tag="651"><subfield code="a">Santa Fe (N.M.)</subfield><subfield code="v">Newspapers.</subfield></datafield><datafield ind1=" " ind2="4" tag="651"><subfield code="a">Santa Fe County (N.M.)</subfield><subfield code="v">Newspapers.</subfield></datafield><datafield ind1=" " ind2=" " tag="752"><subfield code="a">United States</subfield><subfield code="b">New Mexico</subfield><subfield code="c">Santa Fe</subfield><subfield code="d">Santa Fe.</subfield></datafield><datafield ind1="0" ind2="0" tag="780"><subfield code="t">Eagle (Silver City, N.M.)</subfield><subfield code="x">2374-9881</subfield><subfield code="w">(DLC)sn 92070477</subfield><subfield code="w">(OCoLC)27165044</subfield></datafield><datafield ind1="0" ind2="5" tag="780"><subfield code="t">Boleti&#769;n popular (Santa Fe, N.M.)</subfield><subfield code="w">(DLC)sn 86063825</subfield><subfield code="w">(OCoLC)13452554</subfield></datafield><datafield ind1="1" ind2=" " tag="029"><subfield code="a">AU@</subfield><subfield code="b">000020729780</subfield></datafield></record>